@misc{tikzBasics,
title={Overleaf},
howpublished="\url{https://www.overleaf.com/learn/latex/LaTeX_Graphics_using_TikZ%3A_A_Tutorial_for_Beginners_(Part_1)%E2%80%94Basic_Drawing}"
}

@misc{tikz,
title={WikiBooks},
howpublished="\url{https://en.wikibooks.org/wiki/LaTeX/PGF/TikZ}
}